// put references here
@misc{bahdanau2016neural,
      title={Neural Machine Translation by Jointly Learning to Align and Translate}, 
      author={Dzmitry Bahdanau and Kyunghyun Cho and Yoshua Bengio},
      year={2016},
      eprint={1409.0473},
      archivePrefix={arXiv},
      primaryClass={cs.CL}
}

@article{wieting2019beyond,
  title={Beyond bleu: Training neural machine translation with semantic similarity},
  author={Wieting, John and Berg-Kirkpatrick, Taylor and Gimpel, Kevin and Neubig, Graham},
  journal={arXiv preprint arXiv:1909.06694},
  year={2019}
}
